@article{yuan2022race,
	title="The race to zero emissions: Can renewable energy be the path to carbon neutrality?",
	author="Yuan, Xi and Su, Chi-Wei and Umar, Muhammad and Shao, Xuefeng and Lobon{\c{T}}, Oana-Ramona",
	journal="Journal of Environmental Management",
	volume="308",
	pages="114648",
	year="2022",
	publisher="Elsevier",
	doi="https://doi.org/10.1016/j.jenvman.2022.114648"
}
	
@article{jia2021achieve,
	title="How to achieve the first step of the carbon-neutrality 2060 target in China: The coal substitution perspective",
	author="Jia, Zhijie and Lin, Boqiang",
	journal="Energy",
	volume="233",
	pages="121179",
	year="2021",
	publisher="Elsevier",
	doi="https://doi.org/10.1016/j.energy.2021.121179"
}

@article{wolf2021european,
	title="The European Green Deal—more than climate neutrality",
	author="Wolf, Sarah and Teitge, Jonas and Mielke, Jahel and Sch{\"u}tze, Franziska and Jaeger, Carlo",
	journal="Intereconomics",
	volume="56",
	number="2",
	pages="99--107",
	year="2021",
	publisher="Springer",
	doi="https://doi.org/10.1007/s10272-021-0963-z"
}

@article{capros2018outlook,
	title="Outlook of the EU energy system up to 2050: The case of scenarios prepared for European Commission's “clean energy for all Europeans” package using the PRIMES model",
	author="Capros, Pantelis and Kannavou, Maria and Evangelopoulou, Stavroula and Petropoulos, Apostolos and Siskos, Pelopidas and Tasios, Nikolaos and Zazias, Georgios and DeVita, Alessia",
	journal="Energy Strategy Reviews",
	volume="22",
	pages="255--263",
	year="2018",
	publisher="Elsevier",
	doi="https://doi.org/10.1016/j.esr.2018.06.009"
}

@article{gursan2021systemic,
	title="The systemic impact of a transition fuel: Does natural gas help or hinder the energy transition?",
	author="G{\"u}rsan, Cem and de Gooyert, Vincent",
	journal="Renewable and Sustainable Energy Reviews",
	volume="138",
	pages="110552",
	year="2021",
	publisher="Elsevier",
	doi="https://doi.org/10.1016/j.rser.2020.110552"
}

@article{aguilera2014role,
	title="The role of natural gas in a low carbon Asia Pacific",
	author="Aguilera, Roberto F",
	journal="Applied Energy",
	volume="113",
	pages="1795--1800",
	year="2014",
	publisher="Elsevier",
	doi="https://doi.org/10.1016/j.apenergy.2013.07.048"
}

@misc{lngimports,
	title="{As of 2021, China imports more liquefied natural gas than any other country}",
	author="{U.S. Energy Information Administration}",
	year="2022",
	howpublished = "{Accessed on 2022-12-28 under:} \url{https://www.eia.gov/todayinenergy/detail.php?id=52258}"
}

@misc{statista_gas,
	title="{Russischer Anteil an Erdgasimporten von ausgewählten europäischen Ländern im Jahr 2020}",
	author="{Statista}",
	year="2022",
	howpublished = "{Accessed on 2022-12-28 under:} \url{https://de.statista.com/statistik/daten/studie/1309007/umfrage/russischer-anteil-an-europaeischen-erdgasimporten/#:~:text=Ebenso%20wie%20beim%20Import%20von,und%20Tschechien%20(100%20Prozent)}"
}

@misc{lng_terminals,
	title="{Infographic - Liquefied natural gas infrastructure in the EU}",
	author="{European Council - Council of the European Union}",
	year="2022",
	howpublished = "{Accessed on 2022-12-30 under:} \url{https://www.consilium.europa.eu/en/infographics/lng-infrastructure-in-the-eu/}"
}

@article{zhang2018exploring,
	title="Exploring the driving factors of global LNG trade flows using gravity modelling",
	author="Zhang, Hai-Ying and Xi, Wen-Wen and Ji, Qiang and Zhang, Qi",
	journal="Journal of Cleaner Production",
	volume="172",
	pages="508--515",
	year="2018",
	publisher="Elsevier",
	doi="https://doi.org/10.1016/j.jclepro.2017.10.244"
}

@article{mitrova2016some,
	title="Some future scenarios of Russian natural gas in Europe",
	author="Mitrova, Tatiana and Boersma, Tim and Galkina, Anna",
	journal="Energy Strategy Reviews",
	volume="11",
	pages="19--28",
	year="2016",
	publisher="Elsevier",
	doi="https://doi.org/10.1016/j.esr.2016.06.001"
}

@article{al2022emerging,
	title="The emerging hydrogen economy and its impact on LNG",
	author="Al-Kuwari, Omran and Sch{\"o}nfisch, Max",
	journal="International Journal of Hydrogen Energy",
	volume="47",
	number="4",
	pages="2080--2092",
	year="2022",
	publisher="Elsevier",
	doi="https://doi.org/10.1016/j.ijhydene.2021.10.206"
}

@article{wood2012review,
	title="A review and outlook for the global LNG trade",
	author="Wood, David A",
	journal="Journal of Natural Gas Science and Engineering",
	volume="9",
	pages="16--27",
	year="2012",
	publisher="Elsevier",
	doi="https://doi.org/10.1016/j.jngse.2012.05.002"
}

@article{rogers2015impact,
	title="The impact of lower gas and oil prices on global gas and LNG markets",
	author="Rogers, Howard",
	year="2015",
	publisher="Oxford Institute for Energy Studies",
	howpublished = "{Accessed on 2023-09-15 under:} \url{https://ora.ox.ac.uk/objects/uuid:ecf2bfbd-69e3-4c28-b410-b6493f590b73}"
}

@article{corbeau2017global,
	title="Global LNG Market Outlook and Repercussions for Europe",
	author="Corbeau, Anne-Sophie",
	journal="The European Gas Markets: Challenges and Opportunities",
	pages="147--178",
	year="2017",
	publisher="Springer",
	doi="https://doi.org/10.1007/978-3-319-55801-1_7"
}

@article{correlje2016european,
	title="The European natural gas market",
	author="Correlj{\'e}, Aad",
	journal="Current sustainable/renewable energy reports",
	volume="3",
	pages="28--34",
	year="2016",
	publisher="Springer",
	doi="https://doi.org/10.1007/s40518-016-0048-y"
}

@article{medlock2014global,
	title="The global gas market, LNG exports and the shifting US geopolitical presence",
	author="Medlock, Kenneth B and Jaffe, Amy Myers and O'Sullivan, Meghan",
	journal="Energy Strategy Reviews",
	volume="5",
	pages="14--25",
	year="2014",
	publisher="Elsevier",
	doi="https://doi.org/10.1016/j.esr.2014.10.006"
}

@article{filimonova2022transformation,
	title="Transformation of international liquefied natural gas markets: New trade routes",
	author="Filimonova, IV and Komarova, AV and Sharma, R and Novikov, AY",
	journal="Energy Reports",
	volume="8",
	pages="675--682",
	year="2022",
	publisher="Elsevier",
	doi="https://doi.org/10.1016/j.egyr.2022.07.069"
}

@article{moryadee2014investigating,
	title="Investigating the potential effects of US LNG exports on global natural gas markets",
	author="Moryadee, Seksun and Gabriel, Steven A and Avetisyan, Hakob G",
	journal="Energy Strategy Reviews",
	volume="2",
	number="3-4",
	pages="273--288",
	year="2014",
	publisher="Elsevier",
	doi="https://doi.org/10.1016/j.esr.2013.12.004"
}

@article{kumar2011current,
	title="Current status and future projections of LNG demand and supplies: A global prospective",
	author="Kumar, Satish and Kwon, Hyouk-Tae and Choi, Kwang-Ho and Cho, Jae Hyun and Lim, Wonsub and Moon, Il",
	journal="Energy Policy",
	volume="39",
	number="7",
	pages="4097--4104",
	year="2011",
	publisher="Elsevier",
	doi="https://doi.org/10.1016/j.enpol.2011.03.067"
}

@article{lochner2009development,
	title="The development of natural gas supply costs to Europe, the United States and Japan in a globalizing gas market—Model-based analysis until 2030",
	author="Lochner, Stefan and Bothe, David",
	journal="Energy Policy",
	volume="37",
	number="4",
	pages="1518--1528",
	year="2009",
	publisher="Elsevier",
	doi="https://doi.org/10.1016/j.enpol.2008.12.012"
}

@article{kim2017asian,
	title="Asian LNG market changes under low oil prices: prospects for trading hubs and a new price index",
	author="Kim, Younkyoo",
	journal="Geosystem Engineering",
	volume="20",
	number="3",
	pages="129--141",
	year="2017",
	publisher="Taylor \& Francis",
	doi="https://doi.org/10.1080/12269328.2016.1240046"
}

@article{eser2019impact,
	title="Impact of Nord Stream 2 and LNG on gas trade and security of supply in the European gas network of 2030",
	author="Eser, Patrick and Chokani, Ndaona and Abhari, Reza",
	journal="Applied Energy",
	volume="238",
	pages="816--830",
	year="2019",
	publisher="Elsevier",
	doi="https://doi.org/10.1016/j.apenergy.2019.01.068"
}

@article{botao2023global,
	title="Global Gas and LNG Markets: Demand, Supply Dynamics, and Implications for the Future",
	author="Bot{\~a}o, Rodrigo Pereira and de Medeiros Costa, Hirdan Katarina and Dos Santos, Edmilson Moutinho",
	journal="Energies",
	volume="16",
	number="13",
	pages="5223",
	year="2023",
	publisher="MDPI",
	doi="https://doi.org/10.3390/en16135223"
}

@article{neto2006lng,
	title="LNG as a strategy to establish developing countries’ gas markets: The Brazilian case",
	author="Neto, Carlos Alberto Rechelo and Sauer, Ildo Luis",
	journal="Energy Policy",
	volume="34",
	number="18",
	pages="4103--4114",
	year="2006",
	publisher="Elsevier",
	doi="https://doi.org/10.1016/j.enpol.2005.10.010"
}

@article{hauser2021does,
	title="Does ‘more’equal ‘better’?--Analyzing the impact of diversification strategies on infrastructure in the European gas market",
	author="Hauser, Philipp",
	journal="Energy Policy",
	volume="153",
	pages="112232",
	year="2021",
	publisher="Elsevier",
	doi="https://doi.org/10.1016/j.enpol.2021.112232"
}

@article{meza2021future,
	title="Future LNG competition and trade using an agent-based predictive model",
	author="Meza, Abel and Ari, Ibrahim and Al-Sada, Mohammed Saleh and Koc, Muammer",
	journal="Energy Strategy Reviews",
	volume="38",
	pages="100734",
	year="2021",
	publisher="Elsevier",
	doi="https://doi.org/10.1016/j.esr.2021.100734"
}

@article{hupka2023review,
	title="A review of the literature on LNG: Hubs development, market integration, and price discovery",
	author="Hupka, Yuri and Popova, Ivilina and Simkins, Betty and Lee, Thomas",
	journal="Journal of Commodity Markets",
	pages="100349",
	year="2023",
	publisher="Elsevier",
	doi="https://doi.org/10.1016/j.jcomm.2023.100349"
}

@inproceedings{igbatayo2005meeting,
	title="Meeting Global Natural Gas Demand: The Emergence of Nigeria's LNG Industry",
	author="Igbatayo, Samuel A",
	booktitle="SPE Nigeria Annual International Conference and Exhibition",
	pages="SPE--98797",
	year="2005",
	organization="SPE",
	doi="https://doi.org/10.2118/98797-MS"
}

@article{fulwood2018future,
	title="Future prospects for LNG demand in Ghana",
	author="Fulwood, Mike and Bros, Thierry",
	journal="Oxford Institute for Energy Studies",
	year="2018",
	publisher="JSTOR",
	howpublished = "{Accessed on 2023-09-15 under:} \url{https://www.jstor.org/stable/resrep33914}"
}

@article{rawat2021assessment,
	title="Assessment of the barriers of natural gas market development and implementation: A case of developing country",
	author="Rawat, Atul and Garg, Chandra Prakash",
	journal="Energy Policy",
	volume="152",
	pages="112195",
	year="2021",
	publisher="Elsevier",
	doi="https://doi.org/10.1016/j.enpol.2021.112195"
}














